%% This BibTeX bibliography file was created using BibDesk.
%% http://bibdesk.sourceforge.net/


%% Created for Andrei Zuse at 2012-11-15 20:44:25 -0200 


%% Saved with string encoding Unicode (UTF-8) 

@webpage{Facebook,
author = {Facebook},
title = {Desenvolvedores do Facebook},
year = {2012},
url = {\url{https://developers.facebook.com/docs/}},
urlaccessdate = {15 nov. 2012.},
}

@webpage{OHA,
author = {OHA},
title = {Alliance Members},
year = {2012},
url = {\url{http://www.openhandsetalliance.com/oha_members.html}},
urlaccessdate = {30 nov. 2012.},
}

	
@book{WebApplicationArchitecture,
	Author = {Leon Shklar and Richard Rosen},
	Date-Added = {2012-11-15 22:30:42 +0000},
	Date-Modified = {2012-11-15 22:36:40 +0000},
	Pages = {314-322},
	Publisher = {John Wiley \& Sons Ltd},
	address={New Jersey},
	Title = {Web Application Architecture},
	subtitle={Principles, Protocols and Practices},
	Year = {2003}}

@book{lechetagoogle,
  title={Google ANDROID},
  subtitle={Aprenda a criar aplicações para dispositivos móvies com Android SDK},
  author={Ricardo R. Lecheta},
  year=2009,
  address={São Paulo},
  isbn={9788575222447},
  publisher={NOVATEC}
}

@electronic{CrossPlatformMobileDevelopment2011,
	Author = {Gustavo Hartmann and Geoff Stead and Asi Degani},
	Date-Modified = {2012-11-15 12:50:43 +0000},
	urlaccessdate = {15 nov. 2012},
	Read = {0},
	Title = {Cross-platform mobile development},
	Url = {\url{http://www.mole-project.net/images/documents/deliverables/WP4_crossplatform_mobile_development_March2011.pdf}},
	Year = {2011},
	Bdsk-Url-1 = {http://www.mole-project.net/images/documents/deliverables/WP4_crossplatform_mobile_development_March2011.pdf}
}

@electronic{Huawei1T2012,
	Author = {Huawei},
	Date-Added = {2012-11-15 12:37:40 +0000},
	Date-Modified = {2012-11-15 12:46:07 +0000},
	urlaccessdate = {15 nov. 2012},
	Title = {Balan{\c c}o Huawei da Banda Larga 1T2012},
	Url = {\url{http://www.huawei.com/ilink/br/download/HW_193137}},
	Year = {2012},
	Bdsk-Url-1 = {http://www.huawei.com/ilink/br/download/HW_193137}}
	
@electronic{DistroStudent,
	Author = {Eric W. Weisstein},
	Date-Added = {2012-11-15 12:37:40 +0000},
	Date-Modified = {2012-11-15 12:46:07 +0000},
	urlaccessdate = {30 nov. 2012},
	Title = {Student's t-Distribution},
	Url = {\url{http://mathworld.wolfram.com/Studentst-Distribution.html}},
	Year = {2012}}


@electronic{UsoTecnologiasMoveisEstudantesPortugueses,
	Author = {Jo{\~a}o Batista Bottentuit Junior and Clara Pereira Coutinho},
	Date-Modified = {2012-11-15 12:50:43 +0000},
	urlaccessdate = {15 nov. 2012},
	Read = {0},
	Title = {The use of Mobile Technologies by the Portuguese Academic Community},
	subtitle={An Exploratory Survey},
	Url = {\url{http://repositorium.sdum.uminho.pt/bitstream/1822/7817/1/Iadis%25202008.pdf}},
	Year = 2008,
	Bdsk-Url-1 = {http://repositorium.sdum.uminho.pt/bitstream/1822/7817/1/Iadis%25202008.pdf}}

@electronic{IEEE80211,
	Author={IEEE},
	urlaccessdate = {15 nov. 2012},
	Title = {Part 11: Wireless LAN Medium Access Control (MAC) and Physical Layer (PHY) Specifications},
	Url = {\url{http://standards.ieee.org/getieee802/download/802.11-2012.pdf}},
	Year = 2012
}
	
@electronic{AvaliacaoComparativaSOMoveis,
	Author = {Norben Paulus de Oliveira Costa and Nemésio Freitas Duarte Filho and Alexandre Freitas Duarte},
	Date-Modified = {2012-11-15 12:50:43 +0000},
	urlaccessdate = {04 out. 2012},
	Read = {0},
	Title = {Avaliação comparativa de sistemas operacionais para dispositivos móveis},
	subtitle={Foco em suas funcionalidades},
	Url = {\url{http://www.tecsi.fea.usp.br/envio/contecsi/index.php/envio/rt/metadata/196/0}},
	Year = 2012,
	Bdsk-Url-1 = {http://www.tecsi.fea.usp.br/envio/contecsi/index.php/envio/rt/metadata/196/0}}

@electronic{SistemasOperacionaisMoveisComputacao,
	Author = {Jáder Carvalho and Ibraim Ramon and Raphael Lucas and Ialysson Marciel},
	urlaccessdate = {30 nov. 2012},
	Read = {0},
	Title = {Sistemas Operacionais para Dispositivos Móveis},
	Url = {\url{http://www.jadercarvalho.com.br/new/index.php/trabalhos-academicos/doc_download/35-disciplina-sistemas-operacionais-trabalho-de-so-para-dispositivos-moveis}},
	Year = 2010,
}

@webpage{flurry2012,
	Author = {Flurry},
	Date-Added = {2012-11-15 12:30:34 +0000},
	Date-Modified = {2012-11-15 12:46:22 +0000},
	urlaccessdate = {15 nov. 2012},
	Month = {ago},
	Title = {iOS and Android Adoption Explodes Internationally},
	Url = {\url{http://blog.flurry.com/bid/88867/iOS-and-Android-Adoption-Explodes-Internationally}},
	Year = {2012},
	Bdsk-Url-1 = {http://blog.flurry.com/bid/88867/iOS-and-Android-Adoption-Explodes-Internationally}}
	
@webpage{W3C,
	Author = {W3C},
	Date-Added = {2012-11-15 12:30:34 +0000},
	Date-Modified = {2012-11-15 12:46:22 +0000},
	urlaccessdate = {15 nov. 2012},
	Title = {World Wide Web Consortium},
	Url = {\url{http://www.w3.org/}},
	Year = {2012},
	Bdsk-Url-1 = {http://www.w3.org/}
}

@webpage{Fundeste2011,
	Author = {FUNDESTE},
	Date-Added = {2012-11-15 12:37:40 +0000},
	Date-Modified = {2012-11-15 12:46:07 +0000},
	urlaccessdate = {15 nov. 2012},
	Title = {Balan{\c c}o Social 2011},
	Url = {\url{http://www.fundeste.org.br/index.php/balanco_social_2011}},
	Year = {2011},
	Bdsk-Url-1 = {http://www.fundeste.org.br/index.php/balanco_social_2011}}
	
@book{tanenbaum2010modern,
  title={Sistemas Operacionais Modernos},
  author={Andrew Stuart Tanenbaum},
  isbn={9788576052371},
  year={2010},
  publisher={Prentice Hall Brasil},
  address={Rio de Janeiro}
}

@webpage{appceleratorTitanium,
	Author = {appcelerator},
	Date-Added = {2012-11-15 12:30:34 +0000},
	Date-Modified = {2012-11-15 12:46:22 +0000},
	urlaccessdate = {15 nov. 2012},
	Title = {Titanium Cross Platform Mobile App SDK},
	Url = {\url{http://www.appcelerator.com/platform/titanium-sdk}},
	Year = {2012},
	Bdsk-Url-1 = {http://www.appcelerator.com/platform/titanium-sdk}
}

@electronic{GeracoesTelefoniaMovel,
    Author={Pedro Rego},
    Year={2011},
    urlaccessdate = {15 nov. 2012},
    Title = {A Cronologia das Gerações de Telefonia Móvel. 1G 2G 3G e 4G },
    Url = {\url{http://www.mobilepronto.org/_blog/Blog/post/A_Cronologia_das_Gera%C3%A7%C3%B5es_de_Telefonia_M%C3%B3vel_1G_2G_3G_e_4G/}}
}

@electronic{AEvolucaoTelefoniaCelular,
	Author={Manoel F. Ramos},
	Year={2012},
	Title={A evolução da telefonia celular},
	Url={\url{http://www.slideshare.net/slideshow/embed_code/10858413}}
	urlaccessdate = {22 nov. 2012},
}


