@article{Sayers01012012,
  author = {Sayers, Eric W. and Barrett, Tanya and Benson, Dennis A. and Bolton, Evan and Bryant, Stephen H. and Canese, Kathi and Chetvernin, Vyacheslav and Church, Deanna M. and DiCuccio, Michael and Federhen, Scott and Feolo, Michael and Fingerman, Ian M. and Geer, Lewis Y. and Helmberg, Wolfgang and Kapustin, Yuri and Krasnov, Sergey and Landsman, David and Lipman, David J. and Lu, Zhiyong and Madden, Thomas L. and Madej, Tom and Maglott, Donna R. and Marchler-Bauer, Aron and Miller, Vadim and Karsch-Mizrachi, Ilene and Ostell, James and Panchenko, Anna and Phan, Lon and Pruitt, Kim D. and Schuler, Gregory D. and Sequeira, Edwin and Sherry, Stephen T. and Shumway, Martin and Sirotkin, Karl and Slotta, Douglas and Souvorov, Alexandre and Starchenko, Grigory and Tatusova, Tatiana A. and Wagner, Lukas and Wang, Yanli and Wilbur, W. John and Yaschenko, Eugene and Ye, Jian}, 
  Title = {Database resources of the National Center for Biotechnology Information}, 
  Volume = {40}, 
  Number = {D1}, 
  Pages = {D13-D25}, 
  Year = {2012},
  Doi = {10.1093/nar/gkr1184},   
  URL = {http://nar.oxfordjournals.org/content/40/D1/D13.abstract}, 
  Eprint = {http://nar.oxfordjournals.org/content/40/D1/D13.full.pdf+html}, 
  Journal = {Nucleic Acids Research} 
}

@book{redes_computadores,
  author = {Andrew S. Tanenbaum and David Wetherall},
  Title = {Redes de computadores},
  Subtitle = {5\textordfeminine  Edição},
  Publisher = {Pearson},
  Address = {São Paulo},
  Year = {2011},
  Chapter = {1}
}

@book{redes_computadores_web,
  author = {Andrew S. Tanenbaum and David Wetherall},
  Title = {Redes de computadores},
  Subtitle = {5\textordfeminine  Edição},
  Publisher = {Pearson},
  Address = {São Paulo},
  Year = {2011},
  Chapter = {2},
  Pages = {109}
}

@book{sistemas_operacionais,
  author = {Andrew S. Tanenbaum},
  Title = {Sistemas Operacionais Modernos},
  Subtitle = {3\textordfeminine  Edição},
  Publisher = {Pearson},
  Address = {São Paulo},
  Year = {2010},
  Chapter = {1}
}

@book{sistemas_operacionais_2003,
  author = {Andrew S. Tanenbaum},
  Title = {Sistemas Operacionais Modernos},
  Subtitle = {2\textordfeminine Edição},
  Publisher = {Pearson Education do Brasil},
  Address = {São Paulo},
  Year = {2003},
  Chapter = {10},
  Pages = {"504-510"}
}

@book{xml_graves,
  author = {Mark Graves},
  Title = {Projeto de Banco de Dados com {XML}},
  Publisher = {Pearson Education do Brasil},
  Address = {São Paulo},
  Year = {2003},
  Chapter = {1}
}

@book{android_lecheta,
  author = {Ricardo R. Lecheta},
  Title = {Google {Android}},
  Subtitle = {aprenda criar aplicações para dispositivos móveis com o {Android SDK}},
  Publisher = {Novatec},
  Address = {São Paulo},
  Year = {2009},
  Chapter = {1},
  Pages = {"19-24"}
}

@book{android_lecheta_cap2,
  author = {Ricardo R. Lecheta},
  Title = {Google {Android}},
  Subtitle = {aprenda criar aplicações para dispositivos móveis com o {Android SDK}},
  Publisher = {Novatec},
  Address = {São Paulo},
  Year = {2009},
  Chapter = {2}  
}

@book{lecheta_activity,
  author = {Ricardo R. Lecheta},
  Title = {Google {Android}},
  Subtitle = {aprenda criar aplicações para dispositivos móveis com o {Android SDK}},
  Publisher = {Novatec},
  Address = {São Paulo},
  Year = {2009},
  Chapter = {4} 
}

@book{lecheta_intent,
  author = {Ricardo R. Lecheta},
  Title = {Google {Android}},
  Subtitle = {aprenda criar aplicações para dispositivos móveis com o {Android SDK}},
  Publisher = {Novatec},
  Address = {São Paulo},
  Year = {2009},
  Chapter = {5} 
}

@book{lecheta_webservices,
  author = {Ricardo R. Lecheta},
  Title = {Google {Android}},
  Subtitle = {aprenda criar aplicações para dispositivos móveis com o {Android SDK}},
  Publisher = {Novatec},
  Address = {São Paulo},
  Year = {2009},
  Chapter = {17},
  Pages = {538}
}

@book{android_pereira,
  author = {Lúcio Camilo Oliva Pereira and Michel Lourenço da Silva},
  Title = {Android Para Desenvolvedores},
  Subtitle = {2\textordfeminine  Edição Revisada e Atualizada},
  Publisher = {Brasport},
  Address = {Rio de Janeiro},
  Year = {2012},
  Chapter = {1}
}

@book{adroid_deitel,
  author = {Deitel, P. and Deitel, H.},
  Title = {Android: How to Program},
  Publisher = {Pearson Education, Limited},
  Address = {New Jersey},
  Year = {2012},
  Chapter = {1},
  Pages = {"2-4"}
}

@book{xml_arq_sistemas,
  author = {Daum Berthold and Merten Udoca},
  Title = {Arquitetura de sistemas com {XML}},
  Publisher = {Campus},
  Address = {Rio de Janeiro},
  Year = {2002},
  Chapter = {1},
  Pages = {3}
}

@book{do_papel_a_web,
  author = {Tony McKinley},
  Title = {Do Papel até a {Web}},
  Subtitle = {Como tornar as informações acessíveis instantaneamente},
  Publisher = {Quark Books},
  Address = {São Paulo},
  Year = {1998},
  Chapter = {1}
}

@book{web_semantica,
  author = {Karin Breitman},
  Title = {Web Semântica},
  Subtitle = {A Internet do Futuro},
  Publisher = {LTC},
  Address = {Rio de Janeiro},
  Year = {2005},
  Chapter = {9}
}

@book{java_deitel_webservice,
  author = {Paul Deitel and Harvey Deitel},
  Title = {Java},
  Subtitle = {Como Programar  8\textordfeminine Edição},
  Publisher = {Pearson},
  Address = {São Paulo},
  Year = {2010},
  Chapter = {31}
}

@book{java_deitel,
  author = {Paul Deitel and Harvey Deitel},
  Title = {Java},
  Subtitle = {Como Programar  8\textordfeminine Edição},
  Publisher = {Pearson},
  Address = {São Paulo},
  Year = {2010},
  Chapter = {1},
  Pages = {"2-10"}
}

@book{dalvik_lecheta,
  author = {Ricardo R. Lecheta},
  Title = {Google {Android}},
  Subtitle = {aprenda criar aplicações para dispositivos móveis com o {Android SDK}},
  Publisher = {Novatec},
  Address = {São Paulo},
  Year = {2009},
  Chapter = {1},
  Pages = {24}
}

@book{beginning_android,
  author = {Grant Allen},
  Title = {Beginning Android 4},
  Publisher = {Apress},
  Address = {New York},
  Year = {2011},
  Chapter = {35}
}

@electronic{ncbi,
  author={NLM-NIH},
  Year={2012},
  urlaccessdate = {21 set. 2012},
  Title = {Our Mission},
  Url = {\url{http://www.ncbi.nlm.nih.gov/About/glance/ourmission.html}}
}

@electronic{ncbi_handbook,
  author={Jo McEntyre and Jim Ostell},
  Year={2002},
  urlaccessdate = {21 set. 2012},
  Title = {The NCBI Handbook},
  Url = {\url{http://www.ncbi.nlm.nih.gov/books/NBK21101/}}  
}

@electronic{ncbi_pubmed,
  author={NLM-NIH},
  Year={2002},
  urlaccessdate = {28 nov. 2012},
  Title = {PubMed: The Bibliographic Database},
  Url = {\url{http://www.ncbi.nlm.nih.gov/books/NBK21094/}} 
}

@electronic{ncbi_nucleotide,
  author={NLM-NIH},
  Year={2002},
  urlaccessdate = {28 nov. 2012},
  Title = {GenBank: The Nucleotide Sequence Database},
  Url = {\url{http://www.ncbi.nlm.nih.gov/books/NBK21105/}}
}

@electronic{ncbi_databases,
  author={NCBI},
  Year={2012},
  urlaccessdate = {28 nov. 2012},
  Title = {},
  Url = {\url{http://www.ncbi.nlm.nih.gov/}}
}

@electronic{oha,
  author={OHA},
  Year={2012},
  urlaccessdate = {24 set. 2012},
  Title = {Open Handset Alliance},
  Url = {\url{http://www.openhandsetalliance.com/oha_members.html}}
}

@electronic{story_of_discovery,
  author={NLM-NIH},
  Year={2012},
  urlaccessdate = {18 set. 2012},
  Title = {A Story of Discovery},
  Url = {\url{http://www.ncbi.nlm.nih.gov/About/glance/story_discovery.html}}
}

@electronic{webservice, 
  author={W3C},
  Year={2012},
  urlaccessdate = {3 out. 2012},
  Title = {Web Services Architecture},
  Url = {\url{http://www.w3.org/TR/ws-arch/#introduction}}
}

@electronic{xml_w3c,
  author={W3C},
  Year={2012},
  urlaccessdate = {21 set. 2012},
  Title = {What is XML?},
  Url = {\url{http://www.w3.org/standards/xml/core}}
}

@electronic{soap_w3c,
  author={W3C},
  Year={2012},
  urlaccessdate = {28 nov. 2012},
  Title = {Simple Object Access Protocol (SOAP) 1.1},
  Url = {\url{http://www.w3.org/TR/2000/NOTE-SOAP-20000508/}}
}

@electronic{android_project,
  author={OHA},
  Year={2012},
  urlaccessdate = {3 nov. 2012},
  Title = {Android Project},
  Url = {\url{http://developer.android.com/tools/projects/index.html}}
}

@electronic{handler_android,
  author={{OHA} Open Handset Alliance},
  Year={2012},
  urlaccessdate = {8 nov. 2012},
  Title = {Handler},
  Url = {\url{http://developer.android.com/reference/android/os/Handler.html}}
}

@electronic{databases_android,
  author={OHA},
  Year={2012},
  urlaccessdate = {10 nov. 2012},
  Title = {Using Databases},
  Url = {\url{http://developer.android.com/guide/topics/data/data-storage.html#filesExternal}}
}

@electronic{sqlite_famous,
  author={SQLite},
  Year={2012},
  urlaccessdate = {11 nov. 2012},
  Title = {Well-Known Users of SQLite},
  Url = {\url{http://www.sqliteorg/famous.html}}
}

@electronic{sqlite,
  author={SQLite},
  Year={2012},
  urlaccessdate = {11 nov. 2012},
  Title = {About SQLite},
  Url = {\url{http://www.sqlite.org/about.html}}
}

@electronic{sql_database_android,
  author={OHA},
  Year={2012},
  urlaccessdate = {11 nov. 2012},
  Title = {Saving Data in SQL Databases},
  Url = {\url{https://developer.android.com/training/basics/data-storage/databases.html}}
}

@electronic{service_android,
  author={OHA},
  Year={2012},
  urlaccessdate = {18 nov. 2012},
  Title = {Service},
  Url = {\url{http://developer.android.com/reference/android/app/Service.html}}
}

@electronic{about_soapui,
  author={SmartBear},
  Year={2012},
  urlaccessdate = {18 nov. 2012},
  Title = {What is soapUI?},
  Url = {\url{http://www.soapui.org/About-SoapUI/what-is-soapui.html}}
}

@electronic{image_genbankgrowth,
  author={NLM-NIH},
  Year={2012},
  urlaccessdate = {21 set. 2012}, 
  Title = {Growth of GenBank},
  Url = {\url{http://www.ncbi.nlm.nih.gov/genbank/genbankstats-2008/}}
}

@electronic{structure_project,
  author={OHA},
  Year={2012},
  urlaccessdate = {10 nov. 2012}, 
  Title = {Android Projects},
  Url = {\url{http://developer.android.com/tools/projects/index.html}}
}

@electronic{image_activity_lifecycle,
  author={OHA},
  Year={2012},
  urlaccessdate = {10 nov. 2012}, 
  Title = {Activity},
  Url = {\url{http://developer.android.com/reference/android/app/Activity.html}}
}

@electronic{code_services,
  author={OHA},
  Year={2012},
  urlaccessdate = {10 nov. 2012}, 
  Title = {Services},
  Url = {\url{http://developer.android.com/guide/components/services.html}}
}

@electronic{ksoap2_android,
  author={Google},
  Year={2012},
  urlaccessdate = {28 nov. 2012}, 
  Title = {Ksoap2-android},
  Url = {\url{http://code.google.com/p/ksoap2-android/}}
}

@electronic{ksoap2,
  author={Ksoap2},
  Year={2012},
  urlaccessdate = {28 nov. 2012}, 
  Title = {Ksoap2},
  Url = {\url{http://ksoap2.sourceforge.net/}}
}

@electronic{eclipse,
  author={Eclipse},
  Year={2012},
  urlaccessdate = {28 nov. 2012}, 
  Title = {About the Eclipse Foundation},
  Url = {\url{http://www.eclipse.org/org/}}
}

@electronic{url_ncbi,
  author={OHA},
  Year={2012},
  urlaccessdate = {21 set. 2012}, 
  Title = {NCBI Entrez Utilities Web Service},
  Url = {\url{http://www.ncbi.nlm.nih.gov/entrez/query/static/esoap_help.html}}
}

@electronic{url_sqlite,
  author={SQLite},
  Year={2012},
  urlaccessdate = {21 set. 2012}, 
  Title = {SQLite Timeline},
  Url = {\url{http://www.sqlite.org/src/timeline}}
}

@electronic{url_soapui,
  author={soapUI},
  Year={2012},
  urlaccessdate = {30 nov. 2012}, 
  Title = {soapUI},
  Url = {\url{http://sourceforge.net/projects/soapui/files/soapui/}}
}

@electronic{url_eclipse,
  author={Eclipse},
  Year={2012},
  urlaccessdate = {28 nov. 2012}, 
  Title = {Eclipse Downloads},
  Url = {\url{http://www.eclipse.org/downloads/}}
}